<record><leader>00000cas a22000007a 4500</leader><controlfield tag="001">9363970</controlfield><controlfield tag="008">830331d18161818mauwr ne      0    0eng d</controlfield><datafield ind1=" " ind2=" " tag="010"><subfield code="a">sn 83020486 </subfield></datafield><datafield ind1=" " ind2=" " tag="040"><subfield code="a">NPX</subfield><subfield code="b">eng</subfield><subfield code="c">NPX</subfield><subfield code="d">NPA</subfield><subfield code="d">MGN</subfield><subfield code="d">DLC</subfield><subfield code="d">OCLCQ</subfield><subfield code="d">OCLCG</subfield><subfield code="d">CUS</subfield><subfield code="d">OCLCF</subfield></datafield><datafield ind1=" " ind2=" " tag="042"><subfield code="a">msc</subfield></datafield><datafield ind1=" " ind2=" " tag="043"><subfield code="a">n-us-ma</subfield></datafield><datafield ind1=" " ind2="4" tag="050"><subfield code="a">AN</subfield></datafield><datafield ind1="0" ind2=" " tag="130"><subfield code="a">Middlesex gazette (Concord, Mass. : 1816)</subfield></datafield><datafield ind1="0" ind2="0" tag="245"><subfield code="a">Middlesex gazette.</subfield></datafield><datafield ind1=" " ind2=" " tag="260"><subfield code="a">Concord, Mass. :</subfield><subfield code="b">Bettis &amp; Peters,</subfield><subfield code="c">1816-</subfield></datafield><datafield ind1=" " ind2=" " tag="300"><subfield code="a">volumes ;</subfield><subfield code="c">48 cm.</subfield></datafield><datafield ind1=" " ind2=" " tag="310"><subfield code="a">Weekly</subfield></datafield><datafield ind1=" " ind2=" " tag="336"><subfield code="a">text</subfield><subfield code="b">txt</subfield><subfield code="2">rdacontent</subfield></datafield><datafield ind1=" " ind2=" " tag="337"><subfield code="a">unmediated</subfield><subfield code="b">n</subfield><subfield code="2">rdamedia</subfield></datafield><datafield ind1=" " ind2=" " tag="338"><subfield code="a">volume</subfield><subfield code="b">nc</subfield><subfield code="2">rdacarrier</subfield></datafield><datafield ind1="0" ind2=" " tag="362"><subfield code="a">Vol. 1, no. 1 (Apr. 20, 1816)-</subfield></datafield><datafield ind1="1" ind2=" " tag="362"><subfield code="a">Ceased Apr. 11, 1818.</subfield></datafield><datafield ind1=" " ind2=" " tag="500"><subfield code="a">" ... A middle course between the two great political creeds."</subfield></datafield><datafield ind1=" " ind2=" " tag="500"><subfield code="a">Printed &amp; published by J.T. Peters, &lt;1817-1818&gt;.</subfield></datafield><datafield ind1=" " ind2=" " tag="500"><subfield code="a">Editor: J.T. Peters.</subfield></datafield><datafield ind1=" " ind2=" " tag="515"><subfield code="a">No paper issued Apr. 27, 1816; issued as a half-sheet Oct. 4, 1817, headed "Gazette."</subfield></datafield><datafield ind1=" " ind2="0" tag="651"><subfield code="a">Concord (Mass.)</subfield><subfield code="v">Newspapers.</subfield></datafield><datafield ind1=" " ind2="7" tag="655"><subfield code="a">Newspapers.</subfield><subfield code="2">fast</subfield><subfield code="0">(OCoLC)fst01423814</subfield></datafield><datafield ind1=" " ind2="7" tag="651"><subfield code="a">Massachusetts</subfield><subfield code="z">Concord.</subfield><subfield code="2">fast</subfield><subfield code="0">(OCoLC)fst01204990</subfield></datafield><datafield ind1="1" ind2=" " tag="700"><subfield code="a">Bettis, William J.</subfield></datafield><datafield ind1="1" ind2=" " tag="700"><subfield code="a">Peters, Joseph Thompson,</subfield><subfield code="d">1792-1824.</subfield></datafield><datafield ind1=" " ind2=" " tag="752"><subfield code="a">United States</subfield><subfield code="b">Massachusetts</subfield><subfield code="c">Middlesex</subfield><subfield code="d">Concord.</subfield></datafield><datafield ind1="0" ind2="0" tag="785"><subfield code="t">Middlesex gazette, &amp; advertiser</subfield><subfield code="w">(DLC)sn 83020487</subfield><subfield code="w">(OCoLC)9364044</subfield></datafield></record>